@article{23448176,
  title = {{Git can facilitate greater reproducibility and increased transparency in science.}},
  date = {2013 Feb 28},
  source = {Source Code Biol Med},
  authors = {Ram, K},
  author = {Ram, K},
  year = {2013},
  month = {Feb},
  journal = {Source Code Biol Med},
  volume = {8},
  number = {},
  pages = {7},
  pubmed_id = {23448176},
}
